 @misc{educateplus, 
 url={https://www.educateplus.edu.au/}, 
 journal={Educateplus.edu.au}, 
 year={2023} 
 }

 @misc{civicrm, 
 url={https://civicrm.org/}, 
 journal={Civicrm.org}, 
 year={2024},
 month={Sep} 
 }
 
@misc{google_2016, 
title={Looker Studio Overview}, 
url={https://lookerstudio.google.com/u/0/navigation/reporting}, 
journal={lookerstudio.google.com}, 
author={Google},
year={2016}, 
month={Mar} 
}

@book{davenport2017competing,
  title={Competing on analytics: Updated, with a new introduction: The new science of winning},
  author={Davenport, Thomas and Harris, Jeanne},
  year={2017},
  publisher={Harvard Business Press}
}

@article{trochlil2016mission,
  title={Mission Impossible: Using Data to Drive Organizational Excellence: Collecting, Managing, and Using Member and Prospect Data},
  author={Trochlil, Wes and Budziak, Sherry},
  journal={Membership Essentials: Recruitment, Retention, Roles, Responsibilities, and Resources},
  pages={93--109},
  year={2016},
  publisher={Wiley Online Library}
}

@article{velcu2012use,
  title={The Use of Dashboards in Performance Management: Evidence from Sales Managers.},
  author={Velcu-Laitinen, Oana and Yigitbasioglu, Ogan M},
  journal={International Journal of Digital Accounting Research},
  volume={12},
  year={2012}
}

@book{kerzner2022project,
  title={Project management metrics, KPIs, and dashboards: a guide to measuring and monitoring project performance},
  author={Kerzner, Harold},
  year={2022},
  publisher={John wiley \& sons}
}

@Manual{knitr,
    title = {knitr: A General-Purpose Package for Dynamic Report
      Generation in R},
    author = {Yihui Xie},
    year = {2024},
    note = {R package version 1.48},
    url = {https://yihui.org/knitr/},
  }
  
@Manual{kableExtra,
    title = {kableExtra: Construct Complex Table with 'kable' and Pipe Syntax},
    author = {Hao Zhu},
    year = {2024},
    note = {R package version 1.4.0},
    url = {https://CRAN.R-project.org/package=kableExtra},
  }
  
@Book{ggplot2,
    author = {Hadley Wickham},
    title = {ggplot2: Elegant Graphics for Data Analysis},
    publisher = {Springer-Verlag New York},
    year = {2016},
    isbn = {978-3-319-24277-4},
    url = {https://ggplot2.tidyverse.org},
  }